<record><leader>00000cas a2200000Ma 4500</leader><controlfield tag="001">10815834</controlfield><controlfield tag="008">840607d183u183uvtuwr ne      0    0eng d</controlfield><datafield ind1=" " ind2=" " tag="010"><subfield code="a">sn 84023207 </subfield></datafield><datafield ind1=" " ind2=" " tag="040"><subfield code="a">AQM</subfield><subfield code="b">eng</subfield><subfield code="c">AQM</subfield><subfield code="d">OCLCQ</subfield></datafield><datafield ind1="0" ind2="0" tag="245"><subfield code="a">Watchman and State journal.</subfield></datafield><datafield ind1=" " ind2=" " tag="250"><subfield code="a">[Country ed.].</subfield></datafield><datafield ind1=" " ind2=" " tag="260"><subfield code="a">Montpelier [Vt. :</subfield><subfield code="b">s.n.]</subfield></datafield><datafield ind1=" " ind2=" " tag="300"><subfield code="a">v.</subfield></datafield><datafield ind1=" " ind2=" " tag="310"><subfield code="a">Weekly</subfield></datafield><datafield ind1=" " ind2=" " tag="500"><subfield code="a">Published without a masthead; title from publisher's statement.</subfield></datafield><datafield ind1=" " ind2=" " tag="580"><subfield code="a">Country ed. of: Vermont watchman and state journal.</subfield></datafield><datafield ind1=" " ind2=" " tag="588"><subfield code="a">Description based on: July 31, 1837.</subfield></datafield><datafield ind1=" " ind2="7" tag="655"><subfield code="a">Newspapers.</subfield><subfield code="2">rbgenr</subfield></datafield><datafield ind1=" " ind2=" " tag="752"><subfield code="a">United States</subfield><subfield code="b">Vermont</subfield><subfield code="c">Washington</subfield><subfield code="d">Montpelier.</subfield></datafield><datafield ind1="1" ind2=" " tag="775"><subfield code="t">Vermont watchman and State journal</subfield><subfield code="w">(DLC)sn 84023200</subfield></datafield></record>